01REMESSA01COBRANCA       03352000689645000000LML DE NOVA FRIBURGO COBRANCAS001BANCODOBRASIL  2401190000678                      3055147                                                                                                                                                                                                                                                                  000001
70223168857000110033520006896453055147                         305514700000072310000       0430000000     17027231      28011900000000099900010000 01N230119000000000000000000000000000000000000000000000000000000000000000100074441302720SONIA LETICIA SOARES DORET              RUA JOSE DA COSTA CABRAL, 252, CASA     PONTE DA SAU28615120NOVA FRIBURGO  RJ                                           000002
70223168857000110033520006896453055147                         305514700000072690000       0430000000     17027269      28011900000000019900010000 01N230119000000000000000000000000000000000000000000000000000000000000000100008377071703ROSILENE DA SILVA GOMES                 RUA MELITA MELHADO, 101                 PRADO       28635710NOVA FRIBURGO  RJ                                           000003
70223168857000110033520006896453055147                         305514700000068900000       0430000000     17026890      27011900000000019900010000 01N220119000000000000000000000000000000000000000000000000000000000000000100005608843703MARLUCIA SOARES DOS SANTOS              AVENIDA GOVERNADOR ROBERTO SILVEIRA, 358DUAS PEDRAS 28635000NOVA FRIBURGO  RJ                                           000004
70223168857000110033520006896453055147                         305514700000074190000       0430000000     17027419      29011900000000150000010000 01N240119000000000000000000000000000000000000000000000000000000000000000213427610000118COSTA DE ALMEIDA PROJETOS E CONSTRUCO   RUA HERMES DA MATTA BARCELLOS, 70       PIRATININGA 24350410NITEROI        RJ                                           000005
70223168857000110033520006896453055147                         305514700000068100000       0430000000     17026810      26011900000000019900010000 01N210119000000000000000000000000000000000000000000000000000000000000000100004386462740JANAINA LOPES                           AVENIDA NOSSA SENHORA DO AMPARO, 4516   CONSELHEIRO 28635010NOVA FRIBURGO  RJ                                           000006
70223168857000110033520006896453055147                         305514700000068030000       0430000000     17026803      26011900000000099900010000 01N210119000000000000000000000000000000000000000000000000000000000000000100009733530743VERA LUCIA FERES DE MOURA               RUA JULIO ALVES DE AMORIM, 26, CASA     JARDIM CALIF28633780NOVA FRIBURGO  RJ                                           000007
70223168857000110033520006896453055147                         305514700000074250000       0430000000     17027425      24021900000000010000010000 01N240119000000000000000000000000000000000000000000000000000000000000000100068771789987CLIENTE 1                               RUA EDSON ZUZART JUNIOR, 105, AP. 804   ITAIPU      24342080NITEROI        RJ                                           000008
9                                                                                                                                                                                                                                                                                                                                                                                                         000009
