02RETORNO01COBRANCA       03352000689645000000LML DE NOVA FRIBURGO COBRANCA 001BANCO DO BRASIL2609180000236                                          3055147                                                                                                                                                                                                                                              000001
70000000000000000033520006896453055147                         3055147000000003970000100AI 04300000000000 170226091839                            270918000000003000000103352010000000000000000000000000000000000000000000000000000000000000000000000000000000000000000000000000000000000000000000000000000000000000000000000000000000000000          0000000000000000000000000000000000000000000000001000000002
70000000000000000033520006896453055147                         3055147000000001270000005   04300000000000 1705260918                              000000000000003000000187734002709180000700000000000000000000000000000000000000000000000000000000000000000000000000030609000000000060900000000000000000000000000000000002990920000000000000          0000000000000000000000000000000000000000000000001008000003
70000000000000000033520006896453055147                         3055147000000001270000084   04300000000000 170326091812                            00000000000000300000010000 000000000000000000000000000000000000000000000000000000000000000000000000000000000000000000000000000000000000000000000000000000000000000000000000000000000000000          0000000000000000000000000000000000000000000000000000000004
9201001          000000180000000066540000000051          000000000000000000000000000000          000000000000000000000000000000          000000000000000000000000000000                                                  000000000000000000000000000000                                                                                                                                                   000005
