02RETORNO01COBRANCA       03352000689645000000LML DE NOVA FRIBURGO COBRANCA 001BANCO DO BRASIL3008180000218                                          3055147                                                                                                                                                                                                                                              000001
70000000000000000033520006896453055147                         3055147000000001070001400AI 04300000000000 170230081810                            130918000000040500000107412010000000000000000000000000000000000000000000000000000000000000000000000000000000000000000000000000000000000000000000000000000000000000000000000000000000000000          0000000000000000000000000000000000000000000000001000000002
70000000000000000033520006896453055147                         3055147000000001170001400AI 04300000000000 170230081811                            130918000000006000000107412010000000000000000000000000000000000000000000000000000000000000000000000000000000000000000000000000000000000000000000000000000000000000000000000000000000000000          0000000000000000000000000000000000000000000000001000000003
9201001          000000020000000046500000000041          000000000000000000000000000000          000000000000000000000000000000          000000000000000000000000000000                                                  000000000000000000000000000000                                                                                                                                                   000004
