02RETORNO01COBRANCA       03352000689645000000LML DE NOVA FRIBURGO COBRANCA 001BANCO DO BRASIL2709180000237                                          3055147                                                                                                                                                                                                                                              000001
70000000000000000033520006896453055147                         3055147000000044970001400AI 04300000000000 1702270918449                           111018000000003000000103352010000000000000000000000000000000000000000000000000000000000000000000000000000000000000000000000000000000000000000000000000000000000000000000000000000000000000          0000000000000000000000000000000000000000000000001000000002
9201001          000000190000000069540000000052          000000000000000000000000000000          000000000000000000000000000000          000000000000000000000000000000                                                  000000000000000000000000000000                                                                                                                                                   000003
